ticker,last_eur,prevClose_eur,low5_eur,dma50_eur,change_intraday_pct,vs5d_pct,vol_x,currency,as_of
AAPL,205.203721,204.082625,197.253345,186.265724,0.005493,0.040305,0.91,USD,2025-09-05T08:55:32.575810Z
ADBE,294.660493,298.246297,304.964332,309.672937,-0.012023,-0.033787,1.402,USD,2025-09-05T08:55:33.057873Z
ADI,210.620936,209.285891,218.656898,203.527039,0.006379,-0.036751,0.893,USD,2025-09-05T08:55:33.545714Z
ADS.DE,174.899994,173.149994,166.350006,184.505999,0.010107,0.051398,0.307,EUR,2025-09-05T08:55:34.113045Z
ADYEN.AS,1391.599976,1377.800049,1434.400024,1489.179995,0.010016,-0.029838,0.127,EUR,2025-09-05T08:55:34.544465Z
AIR.PA,186.779999,186.860001,179.059998,180.0568,-0.000428,0.043114,0.115,EUR,2025-09-05T08:55:35.080314Z
AMD,138.459875,138.750857,143.029857,137.736729,-0.002097,-0.031951,0.606,USD,2025-09-05T08:55:35.495398Z
AMZN,201.694936,193.402245,196.08089,192.647596,0.042878,0.028631,1.698,USD,2025-09-05T08:55:35.952619Z
ARM,115.943779,112.469233,120.37683,125.709145,0.030893,-0.036826,0.855,USD,2025-09-05T08:55:36.464959Z
ASHR,26.418546,27.000489,26.444219,24.928598,-0.021553,-0.000971,1.198,USD,2025-09-05T08:55:36.932509Z
ASML,644.785381,630.570556,658.965993,642.655303,0.022543,-0.021519,1.16,USD,2025-09-05T08:55:37.418108Z
AVGO,261.960383,258.785372,256.953947,248.210069,0.012269,0.019484,1.647,USD,2025-09-05T08:55:37.926815Z
AXP,282.970262,277.031008,275.961258,267.127356,0.021439,0.025399,1.042,USD,2025-09-05T08:55:38.660775Z
BA,197.475848,198.870806,201.64359,193.653331,-0.007014,-0.020669,0.684,USD,2025-09-05T08:55:39.326676Z
BABA,112.041333,116.773906,104.604436,101.702073,-0.040528,0.071095,1.408,USD,2025-09-05T08:55:39.762082Z
BAC,43.320595,42.841349,43.115204,40.900735,0.011187,0.004764,0.985,USD,2025-09-05T08:55:40.513693Z
BEP,21.369325,21.104028,21.771552,22.131844,0.012571,-0.018475,1.207,USD,2025-09-05T08:55:41.025590Z
BIDU,84.048116,82.49912,76.902188,76.245618,0.018776,0.092922,0.889,USD,2025-09-05T08:55:41.451444Z
BMY,39.9573,40.6505,40.761755,40.267957,-0.017053,-0.019736,1.077,USD,2025-09-05T08:55:42.046210Z
BP,29.353939,29.490867,29.858861,28.127236,-0.004643,-0.01691,0.848,USD,2025-09-05T08:55:42.712487Z
C,83.081065,81.326672,82.901348,78.729491,0.021572,0.002168,0.982,USD,2025-09-05T08:55:43.771607Z
CAT,359.624273,355.259688,370.278994,355.102397,0.012286,-0.028775,0.553,USD,2025-09-05T08:55:44.490040Z
COP,81.959962,81.001471,83.78282,80.798302,0.011833,-0.021757,0.837,USD,2025-09-05T08:55:45.079736Z
COST,818.059233,812.821741,812.599225,824.540014,0.006444,0.006719,0.698,USD,2025-09-05T08:55:45.571394Z
CPNG,24.587133,24.244814,24.167792,25.196463,0.014119,0.017351,0.866,USD,2025-09-05T08:55:46.056166Z
CRM,208.823751,219.469918,214.086929,219.378166,-0.048509,-0.024584,3.016,USD,2025-09-05T08:55:46.492469Z
CRWD,352.983257,353.616567,361.669622,390.62186,-0.001791,-0.024017,0.769,USD,2025-09-05T08:55:46.920701Z
CVX,134.951103,135.267745,136.277595,131.003808,-0.002341,-0.009734,0.925,USD,2025-09-05T08:55:47.581876Z
DDOG,112.777322,113.479084,112.734529,117.309298,-0.006184,0.00038,0.509,USD,2025-09-05T08:55:48.000477Z
DE,406.419411,401.815203,421.977848,430.055241,0.011459,-0.03687,0.973,USD,2025-09-05T08:55:48.615388Z
DHR,170.329871,170.680752,175.438998,172.620335,-0.002056,-0.029122,1.227,USD,2025-09-05T08:55:49.139061Z
ENPH,31.253816,31.733065,32.143849,31.790231,-0.015103,-0.027689,0.709,USD,2025-09-05T08:55:49.552412Z
ENVX,7.719316,7.779222,9.003016,10.169557,-0.007701,-0.142586,0.866,USD,2025-09-05T08:55:49.957407Z
ETSY,44.681317,44.475927,46.581194,49.921381,0.004618,-0.040786,0.974,USD,2025-09-05T08:55:50.408171Z
FDX,192.794621,192.845967,198.725322,197.012347,-0.000266,-0.029844,1.076,USD,2025-09-05T08:55:50.911467Z
FSLR,172.76034,172.435145,163.654629,155.82218,0.001886,0.05564,0.525,USD,2025-09-05T08:55:51.325494Z
FTNT,65.417353,65.537165,66.863651,79.62192,-0.001828,-0.021631,0.527,USD,2025-09-05T08:55:51.746582Z
GE,241.566654,236.140885,233.932933,227.085329,0.022977,0.032632,1.104,USD,2025-09-05T08:55:52.354002Z
GOOGL,198.802341,197.398829,177.561379,165.780952,0.00711,0.119626,1.474,USD,2025-09-05T08:55:52.790041Z
GS,640.908635,625.21324,641.567565,616.583184,0.025104,-0.001027,1.107,USD,2025-09-05T08:55:53.362636Z
HAL,19.229825,18.476722,19.084339,18.536114,0.04076,0.007623,1.046,USD,2025-09-05T08:55:54.080826Z
HMC,29.251244,28.703533,28.994505,27.372592,0.019082,0.008855,0.863,USD,2025-09-05T08:55:54.666174Z
HON,184.133929,183.141198,189.345748,193.366639,0.005421,-0.027525,1.476,USD,2025-09-05T08:55:55.302915Z
IE00B4L5Y983,105.60572,104.886845,104.715687,102.940073,0.006854,0.0085,0.088,USD,2025-09-05T08:55:55.822200Z
IE00B66F4759,94.54795,94.462629,94.260878,94.112474,0.000903,0.003046,0.17,GBP,2025-09-05T08:55:56.387931Z
INTC,21.061238,20.5392,21.26663,19.367438,0.025417,-0.009658,0.439,USD,2025-09-05T08:55:56.932498Z
ISRG,388.978203,377.561834,403.210161,424.582742,0.030237,-0.035297,1.907,USD,2025-09-05T08:55:57.361776Z
JD,26.469894,26.70096,26.375755,27.385429,-0.008654,0.003569,1.139,USD,2025-09-05T08:55:57.816502Z
JPM,260.00916,256.320664,256.12382,250.390133,0.01439,0.01517,0.966,USD,2025-09-05T08:55:58.346422Z
KO,58.408349,59.04164,58.904715,59.627351,-0.010726,-0.008427,1.127,USD,2025-09-05T08:55:59.045808Z
LIN,404.271371,403.749319,413.103207,403.698145,0.001293,-0.021379,1.072,USD,2025-09-05T08:55:59.581345Z
LLY,635.782349,631.434922,628.302665,638.86257,0.006885,0.011905,0.367,USD,2025-09-05T08:56:00.263755Z
LMT,390.972231,384.305542,388.935423,381.794115,0.017347,0.005237,0.986,USD,2025-09-05T08:56:00.943507Z
MA,509.74872,507.729044,505.4868,488.283019,0.003978,0.008431,0.689,USD,2025-09-05T08:56:01.446905Z
MC.PA,493.850006,499.100006,504.100006,480.682,-0.010519,-0.020333,0.183,EUR,2025-09-05T08:56:01.993707Z
MCD,271.280031,270.766572,266.521785,259.060586,0.001896,0.017853,0.917,USD,2025-09-05T08:56:02.657159Z
MCHP,55.139194,54.155022,57.039071,59.076387,0.018173,-0.033308,1.176,USD,2025-09-05T08:56:03.161129Z
MDB,275.610377,267.762706,253.060068,196.427236,0.029308,0.08911,0.63,USD,2025-09-05T08:56:03.627473Z
MELI,2069.153261,2030.916176,2065.413315,2060.31726,0.018828,0.001811,0.851,USD,2025-09-05T08:56:04.080212Z
META,640.694685,630.767373,639.607802,631.272304,0.015738,0.001699,1.161,USD,2025-09-05T08:56:04.513256Z
MPWR,725.812518,708.225839,741.396655,666.685652,0.024832,-0.02102,0.829,USD,2025-09-05T08:56:04.995486Z
MRK,71.929992,72.041244,71.947105,70.479409,-0.001544,-0.000238,1.145,USD,2025-09-05T08:56:05.726669Z
MS,128.823572,127.111972,127.839407,122.990269,0.013465,0.007698,0.904,USD,2025-09-05T08:56:06.307659Z
MSFT,434.720723,432.478531,433.668079,436.165997,0.005185,0.002427,0.756,USD,2025-09-05T08:56:06.803412Z
MU,106.298916,101.600576,100.770449,100.951536,0.046243,0.054862,1.044,USD,2025-09-05T08:56:07.352765Z
NESN.SW,80.58604,80.86308,80.330315,80.127012,-0.003426,0.003183,0.24,CHF,2025-09-05T08:56:07.885749Z
NET,179.700879,176.046622,175.644395,168.958368,0.020757,0.023095,0.824,USD,2025-09-05T08:56:08.314009Z
NOC,496.158611,497.228361,502.020821,475.658768,-0.002151,-0.011677,0.763,USD,2025-09-05T08:56:08.979838Z
NOW,768.987638,786.8054,759.93326,804.398757,-0.022646,0.011915,0.877,USD,2025-09-05T08:56:09.403580Z
NTES,113.94121,115.396068,115.592911,113.588108,-0.012608,-0.014289,0.517,USD,2025-09-05T08:56:09.896524Z
NVDA,146.90663,146.01659,155.413284,147.253054,0.006095,-0.054736,0.807,USD,2025-09-05T08:56:10.412459Z
NVO,48.044611,48.558093,48.30135,51.271662,-0.010575,-0.005315,0.526,USD,2025-09-05T08:56:11.021854Z
NXPI,192.88876,195.293555,203.397982,192.166294,-0.012314,-0.051668,1.266,USD,2025-09-05T08:56:11.475672Z
OKTA,76.799489,76.867955,79.615072,80.782384,-0.000891,-0.035365,0.607,USD,2025-09-05T08:56:11.906811Z
ON,41.129749,40.898682,43.85975,45.989836,0.00565,-0.062244,0.832,USD,2025-09-05T08:56:12.344927Z
OR.PA,398.799988,404.399994,397.899994,382.613002,-0.013848,0.002262,0.126,EUR,2025-09-05T08:56:12.934991Z
ORCL,190.843398,191.228506,201.806194,203.756736,-0.002014,-0.054323,1.002,USD,2025-09-05T08:56:13.424815Z
PANW,164.613134,163.911371,160.556637,161.537042,0.004281,0.025265,0.584,USD,2025-09-05T08:56:13.849069Z
PDD,106.007947,106.45296,104.595876,97.23959,-0.00418,0.0135,0.801,USD,2025-09-05T08:56:14.282445Z
PEP,125.70846,127.20611,126.35031,121.633654,-0.011773,-0.00508,0.753,USD,2025-09-05T08:56:14.931585Z
PFE,21.001333,21.215283,21.454906,21.22538,-0.010085,-0.021141,1.126,USD,2025-09-05T08:56:15.615523Z
PG,136.234803,135.361883,134.326372,133.876044,0.006449,0.014207,1.075,USD,2025-09-05T08:56:16.311825Z
PLTR,133.62461,132.563413,134.120976,133.913016,0.008005,-0.003701,0.676,USD,2025-09-05T08:56:16.748019Z
PYPL,58.588067,59.597911,59.606471,61.417514,-0.016944,-0.017085,1.483,USD,2025-09-05T08:56:17.173609Z
QCOM,136.679822,134.600222,136.731168,133.73963,0.01545,-0.000376,1.132,USD,2025-09-05T08:56:17.761038Z
RIVN,11.72446,12.357752,11.313676,11.129679,-0.051247,0.036309,1.806,USD,2025-09-05T08:56:18.246496Z
RTX,135.798336,135.310537,136.791068,130.923535,0.003605,-0.007257,0.892,USD,2025-09-05T08:56:18.978382Z
S,15.53277,15.421516,14.67697,15.23324,0.007214,0.058309,0.863,USD,2025-09-05T08:56:19.399656Z
SAP,232.769031,231.870452,235.439123,247.222817,0.003875,-0.011341,0.651,USD,2025-09-05T08:56:19.961754Z
SBUX,74.463159,74.668549,75.01943,78.458374,-0.002751,-0.007415,0.827,USD,2025-09-05T08:56:20.451678Z
SE,162.353822,154.882679,156.53438,140.271438,0.048237,0.037177,0.811,USD,2025-09-05T08:56:20.915022Z
SEDG,29.234128,28.421117,28.318422,23.495818,0.028606,0.032336,0.733,USD,2025-09-05T08:56:21.342076Z
SHEL,61.882895,62.25089,63.081017,61.555468,-0.005911,-0.018993,1.208,USD,2025-09-05T08:56:21.950756Z
SHOP,124.219364,120.000276,119.71786,110.911507,0.035159,0.037601,0.954,USD,2025-09-05T08:56:22.366711Z
SIE.DE,230.149994,230.050003,236.600006,226.717,0.000435,-0.027261,0.104,EUR,2025-09-05T08:56:22.880546Z
SLB,30.817356,29.953,30.791683,29.612563,0.028857,0.000834,0.98,USD,2025-09-05T08:56:23.460693Z
SMCI,34.83106,34.317578,38.305606,41.742329,0.014963,-0.090706,0.833,USD,2025-09-05T08:56:23.879336Z
SNOW,189.902013,196.260614,171.49376,181.407518,-0.032399,0.107341,1.688,USD,2025-09-05T08:56:24.299791Z
SRT.DE,156.199997,156.0,162.600006,163.568,0.001282,-0.03936,0.424,EUR,2025-09-05T08:56:25.217326Z
SU.PA,219.800003,217.25,210.050003,222.885,0.011738,0.046418,0.106,EUR,2025-09-05T08:56:25.748596Z
SYK,337.476166,332.529643,336.457761,333.412486,0.014875,0.003027,0.937,USD,2025-09-05T08:56:26.329689Z
T,25.314564,24.852433,24.869547,24.107543,0.018595,0.017894,1.101,USD,2025-09-05T08:56:26.929498Z
TCEHY,65.211957,65.965065,65.152051,60.20707,-0.011417,0.000919,0.942,USD,2025-09-05T08:56:27.390179Z
TEAM,143.842864,146.067936,147.094907,159.476104,-0.015233,-0.022108,0.969,USD,2025-09-05T08:56:27.807476Z
TM,169.14031,165.177952,168.370095,157.093727,0.023988,0.004575,0.696,USD,2025-09-05T08:56:28.348843Z
TMO,418.90553,414.677875,417.733088,391.003378,0.010195,0.002807,0.826,USD,2025-09-05T08:56:28.871655Z
TSLA,289.71397,285.914216,299.187682,276.943552,0.01329,-0.031665,0.803,USD,2025-09-05T08:56:29.297551Z
TSM,201.292722,198.02356,204.784374,201.517792,0.016509,-0.01705,0.605,USD,2025-09-05T08:56:29.793456Z
TXN,160.282775,167.514295,175.841225,172.060301,-0.04317,-0.08848,1.891,USD,2025-09-05T08:56:30.699706Z
UL,55.635559,54.97659,53.504616,52.412615,0.011986,0.039827,1.322,USD,2025-09-05T08:56:31.282074Z
UPS,72.297986,72.991182,75.190588,80.152002,-0.009497,-0.03847,1.301,USD,2025-09-05T08:56:31.787750Z
V,300.377231,300.274539,299.829532,298.062127,0.000342,0.001827,0.786,USD,2025-09-05T08:56:32.255258Z
VRT,107.574056,107.479918,110.663495,112.166453,0.000876,-0.027917,0.774,USD,2025-09-05T08:56:32.693944Z
VUSA.DE,105.940002,105.470001,104.68,103.259301,0.004456,0.012037,0.262,EUR,2025-09-05T08:56:33.145873Z
VZ,37.809244,37.432693,37.886266,36.876935,0.010059,-0.002033,0.916,USD,2025-09-05T08:56:34.006359Z
WMT,86.375893,85.100753,82.225265,84.041955,0.014984,0.050479,0.844,USD,2025-09-05T08:56:34.607077Z
WOLF,1.061192,1.11254,1.103982,1.178265,-0.046154,-0.03876,0.538,USD,2025-09-05T08:56:35.025928Z
XOM,96.19192,95.77258,96.491449,94.382587,0.004378,-0.003104,0.871,USD,2025-09-05T08:56:35.657895Z
ZBH,89.653609,89.893232,91.390882,83.727021,-0.002666,-0.019009,0.666,USD,2025-09-05T08:56:36.128339Z
ZS,229.568348,231.56235,233.69331,245.441212,-0.008611,-0.017651,1.183,USD,2025-09-05T08:56:36.575070Z
